@book{Leo,
      author        = "Leo, William R",
      title         = "{Techniques for nuclear and particle physics experiments:
                       a how-to approach; 2nd ed.}",
      publisher     = "Springer",
      address       = "Berlin",
      year          = "1994",
      url           = "https://cds.cern.ch/record/302344",
      doi           = "10.1007/978-3-642-57920-2",
}